@misc{FrankenCam,
   year = {2009},
   author = {Levoy, Marc},
   title = {Camera 2.0: New computing platforms for computational photography},
   howpublished = {\url{http://graphics.stanford.edu/projects/camera-2.0/}},
   note = {accessed 2015-07-28}
}

@article{Levoy2010,
   author = {Adams, Andrew and Talvala, Eino-Ville and Park, Sung Hee and Jacobs, David E. and Ajdin, Boris and Gelfand, Natasha and Dolson, Jennifer and Vaquero, Daniel and Baek, Jongmin and Tico, Marius and Lensch, Hendrik P. A. and Matusik, Wojciech and Pulli, Kari and Horowitz, Mark and Levoy, Marc},
   title = {The Frankencamera: An Experimental Platform for Computational Photography},
   journal = {ACM Trans. Graph.},
   issue_date = {July 2010},
   volume = {29},
   number = {4},
   month = jul,
   year = {2010},
   issn = {0730-0301},
   pages = {29:1--29:12},
   articleno = {29},
   numpages = {12},
   url = {http://doi.acm.org/10.1145/1778765.1778766},
   doi = {10.1145/1778765.1778766},
   acmid = {1778766},
   publisher = {ACM},
   address = {New York, NY, USA},
   keywords = {computational photography, programmable cameras},
}


